\begin{thebibliography}{9}

@article{ nat,
year={2001},
issn={0933-5846},
journal={Archive for Mathematical Logic},
volume={40},
number={7},
doi={10.1007/s001530100091},
title={Natural deduction with general elimination rules},
url={http://dx.doi.org/10.1007/s001530100091},
publisher={Springer-Verlag},
keywords={Mathematics Subject Classification (2000): 03F05},
author={von Plato, Jan},
pages={541-567},
language={English}
}

@article{1964,
     jstor_articletype = {research-article},
     title = {Investigations into Logical Deduction},
     author = {Gentzen, Gerhard},
     journal = {American Philosophical Quarterly},
     jstor_issuetitle = {},
     volume = {1},
     number = {4},
     jstor_formatteddate = {Oct., 1964},
     pages = {pp. 288-306},
     url = {http://www.jstor.org/stable/20009142},
     ISSN = {00030481},
     abstract = {},
     language = {English},
     year = {1964},
     publisher = {University of Illinois Press on behalf of the North American Philosophical Publications},
     copyright = {Copyright © 1964 North American Philosophical Publications},
    }

@article{BriefHistory,
  title={A brief history of natural deduction},
  author={Pelletier, Francis Jeffry},
  journal={History and Philosophy of Logic},
  volume={20},
  number={1},
  pages={1--31},
  year={1999},
  publisher={Taylor \& Francis}
}


@misc{NatDed,
	author = {Allen P. Hazen \& Francis Jeffry Pelletier}, 
	title = {Natural Deduction},
	howpublished ="\url{https://www.ualberta.ca/~francisp/papers/PellHazenSubmittedv2.pdf}"
}

@misc{Game,
	author = "Peter Ross",
	title = "Math teacher uses gamification to help at-risk students succeed",
	howpublished = "\url {http://www.goventureoasis.com/resources/pdf/5111201034254.pdf}"
} 

@inproceedings{muntean2011raising,
  title={Raising engagement in e-learning through gamification},
  author={Muntean, Cristina Ioana},
  booktitle={Proc. 6th International Conference on Virtual Learning ICVL},
  pages={323--329},
  year={2011}
}

@book{zichermann2011gamification,
  title={Gamification by design: Implementing game mechanics in web and mobile apps},
  author={Zichermann, Gabe and Cunningham, Christopher},
  year={2011},
  publisher={" O'Reilly Media, Inc."}
}

@misc{ workman2014how,
	author={Workman, Brandon},
	title ={How Businesses Can Win At Gamifcation On Mobile},
	year={2014},
	publisher={"Business Insider"}
	howpublished = "\url {http://www.businessinsider.com/gamification-will-become-a-huge-industry-2014-2?IR=T}"
}

@book{kapp2012gamification,
  title={The gamification of learning and instruction: game-based methods and strategies for training and education},
  author={Kapp, Karl M},
  year={2012},
  publisher={John Wiley \& Sons}
}

@article{faghihi2014gamification,
  title={How Gamification Applies for Educational Purpose Specially with College Algebra},
  author={Faghihi, Usef and Brautigam, Albert and Jorgenson, Kris and Martin, David and Brown, Angela and Measures, Elizabeth and Maldonado-Bouchard, Sioui},
  journal={Procedia Computer Science},
  volume={41},
  pages={182--187},
  year={2014},
  publisher={Elsevier}
}

@misc{html5tut,
title={HTML 5 Game Development},
howpublished = "\url {http://www.html5gamedevelopment.com/}"
}

@book{pilgrim2010html5,
  title={HTML5: up and running},
  author={Pilgrim, Mark},
  year={2010},
  publisher={" O'Reilly Media, Inc."}
}

@article{Anthes:2012:HLW:2209249.2209256,
 author = {Anthes, Gary},
 title = {HTML5 Leads a Web Revolution},
 journal = {Commun. ACM},
 issue_date = {July 2012},
 volume = {55},
 number = {7},
 month = jul,
 year = {2012},
 issn = {0001-0782},
 pages = {16--17},
 numpages = {2},
 url = {http://doi.acm.org/10.1145/2209249.2209256},
 doi = {10.1145/2209249.2209256},
 acmid = {2209256},
 publisher = {ACM},
 address = {New York, NY, USA},
} 

@misc { intro,
title = {Introduction to Natural Deduction},
author = {Daniel Clemente Laboreo},
year = {2005},
howpublished = "\url {https://homepage.univie.ac.at/christian.damboeck/ps06/clemente_nat_ded.pdf}"
}

@misc { etut,
title = {Friendly e-tutor for Natural Deduction},
author = {Krysia Broda, Jiefei Ma, Gabrielle Sinnadurai, Alex Summers},
publisher = {Department of Computing, Imperial College London},
year = {2006},
howpublished = "\url {http://bcs.org/upload/pdf/ewic_tfm06_paper2.pdf}"

@misc { learnnd,
title = {Natural Deduction},
author = {Frank Pfenning},
year = {2004},
howpublished = "\url {https://www.cs.cmu.edu/~fp/courses/atp/handouts/ch2-natded.pdf}"
}

@misc { phpgame,
title = {30 game scripts you can write in PHP},
author = {Duane O'Brien},
year = {2008},
howpublished = "\url {http://www.ibm.com/developerworks/library/os-php-gamescripts1/}"
}

@book{koster2013theory,
  title={Theory of fun for game design},
  author={Koster, Raph},
  year={2013},
  publisher={" O'Reilly Media, Inc."}
}

@article{wu2012innovative,
  title={An innovative concept map approach for improving students' learning performance with an instant feedback mechanism},
  author={Wu, Po-Han and Hwang, Gwo-Jen and Milrad, Marcelo and Ke, Hui-Ru and Huang, Yueh-Min},
  journal={British Journal of Educational Technology},
  volume={43},
  number={2},
  pages={217--232},
  year={2012},
  publisher={Wiley Online Library}
}

@inproceedings{Suhonen:2008:SFE,
 author = {Suhonen, Katja and V\"{a}\"{a}t\"{a}j\"{a}, Heli and Virtanen, Tytti and Raisamo, Roope},
 title = {Seriously Fun: Exploring How to Combine Promoting Health Awareness and Engaging Gameplay},
 booktitle = {Proceedings of the 12th International Conference on Entertainment and Media in the Ubiquitous Era},
 series = {MindTrek '08},
 year = {2008},
 isbn = {978-1-60558-197-2},
 location = {Tampere, Finland},
 pages = {18--22},
 numpages = {5},
 url = {http://doi.acm.org/10.1145/1457199.1457204},
 doi = {10.1145/1457199.1457204},
 acmid = {1457204},
 publisher = {ACM},
 address = {New York, NY, USA},
 keywords = {adolescent, education, exercise, gaming, health, learning, mobile device, serious games},
} 

@misc{2015Ofcom,
author = {Ofcom},
title = {The UK is now a smartphone society},
year = {2015},
url = {http://media.ofcom.org.uk/news/2015/cmr-uk-2015/}
}

@misc{LogicND,
author = {Volker Halbach},
title = {Introduction to Logic: Natural Deduction},
howpublished = "\url {http://logicmanual.philosophy.ox.ac.uk/vorlesung/logic6p.pdf}"
}

@book{jaskowski1934rules,
  title={On the rules of suppositions in formal logic},
  author={Ja{\'s}kowski, Stanis{\l}aw},
  year={1934},
  publisher={Nak{\l}adem Seminarjum Filozoficznego Wydzia{\l}u Matematyczno-Przyrodniczego Uniwersytetu Warszawskiego}
}

@book{arthur2011natural,
  title={Natural Deduction: An introduction to logic with real arguments, a little history and some humour},
  author={Arthur, Richard TW},
  year={2011},
  publisher={Broadview Press}
}

@misc{philNadDed,
title = {Natural Deduction},
author = {Andrzej Indrzejczak},
publisher = {Internet Encyclopedia of Philosophy},
howpublished = "\url {http://www.iep.utm.edu/nat-ded/}"
}

@misc{mymaths,
title = {MyMaths Website},
publisher = {Oxford University Press},
howpublished = "\url {http://www.mymaths.co.uk/}"
}

@misc{codecademy,
title = {Codecademy Website},
author={Sims, Zach and Bubinski, C},
publisher = {Codecademy},
howpublished = "\url {https://www.codecademy.com/}",
year = {2013}
}

@book{pritchard2013ways,
  title={Ways of learning: Learning theories and learning styles in the classroom},
  author={Pritchard, Alan},
  year={2013},
  publisher={Routledge}
}

@article{mcdonald2012different,
  title={Different ways of learning},
  author={McDonald, Mindy and Hull, Collin},
  year={2012}
}

@misc{ vid2013,
title = {A Crash Course in Formal Logic Pt 8a: Natural Deduction in Propositional Logic},
author = {PhilHelper},
year =  {2013},
howpublished = "\url {https://www.youtube.com/watch?v=ZebpxExsY_0}"
}

@misc{ natdeclecture,
title = {Mod-01 Lec-42 Natural Deduction in Pedicate Logic},
author = {nptelhrd},
year = {2015},
howpublished = "\url {https://www.youtube.com/watch?v=mJl9tlPz5TU}"

@article{virvou2005combining,
  title={Combining software games with education: Evaluation of its educational effectiveness},
  author={Virvou, Maria and Katsionis, George and Manos, Konstantinos},
  journal={Journal of Educational Technology \& Society},
  volume={8},
  number={2},
  pages={54--65},
  year={2005},
  publisher={JSTOR}
}

@misc{gamesresearch,
title = {The games industry in numbers},
author = {UKIE},
year = {2014}
howpublished = "\url {http://ukie.org.uk/research}"
}

@article{garris2002games,
  title={Games, motivation, and learning: A research and practice model},
  author={Garris, Rosemary and Ahlers, Robert and Driskell, James E},
  journal={Simulation \& gaming},
  volume={33},
  number={4},
  pages={441--467},
  year={2002},
  publisher={Sage Publications}
}

@article{montemayor2009learning,
  title={Learning styles of high and low academic achieving freshman teacher education students: an application of the Dunn and Dunn’s learning style model},
  author={Montemayor, Elizabeth and Aplaten, M and Mendoza, GC and Perey, GM},
  journal={University of Cordilleras},
  volume={1},
  number={4},
  pages={1--14},
  year={2009}
}

@article{dempsey1993text,
  title={Text-based feedback},
  author={Dempsey, John V and Driscoll, Marcy P and Swindell, Linda K},
  journal={Interactive instruction and feedback},
  pages={21--54},
  year={1993}
}

@misc{industrygam,
title = {How I used Gamification to Engage Employees and Increase Sales by 30%},
author = {Vincent Ng},
howpublished = "\url {http://www.mcngmarketing.com/how-i-used-gamification-to-engage-employees-and-increase-sales-by-30/#.Vkt1rr9Xtvk}"

@article{oprescu2014play,
  title={I PLAY AT WORK—ten principles for transforming work processes through gamification},
  author={Oprescu, Florin and Jones, Christian and Katsikitis, Mary},
  journal={Frontiers in psychology},
  volume={5},
  year={2014},
  publisher={Frontiers Media SA}
}

@article{kamasheva2015usage,
  title={Usage of Gamification Theory for Increase Motivation of Employees},
  author={Kamasheva, AV and Valeev, ER and Yagudin, R Kh and Maksimova, KR},
  journal={Mediterranean Journal of Social Sciences},
  volume={6},
  number={1S3},
  pages={77},
  year={2015}
}

@article{chen2009effects,
  title={Effects of high level prompts and peer assessment on online learners’ reflection levels},
  author={Chen, Nian-Shing and Wei, Chun-Wang and Wu, Kuen-Ting and Uden, Lorna},
  journal={Computers \& Education},
  volume={52},
  number={2},
  pages={283--291},
  year={2009},
  publisher={Elsevier}
}

@incollection{gasquet2011panda,
  title={PANDA: a proof assistant in natural deduction for all. a Gentzen style proof assistant for undergraduate students},
  author={Gasquet, Olivier and Schwarzentruber, Fran{\c{c}}ois and Strecker, Martin},
  booktitle={Tools for Teaching Logic},
  pages={85--92},
  year={2011},
  publisher={Springer}
}

@misc{ automated,
title = {Automated Theorem Proving},
author= {Geoff Sutcliffe},
howpublished="\url {http://www.cs.miami.edu/~tptp/OverviewOfATP.html}"
}

\end{thebibliography}